@Online{Champeon,
  author = {Steve Champeon},
  date   = {21.03.2003},
  title  = {PROGRESSIVE ENHANCEMENT AND THE FUTURE OF WEB DESIGN},
  url    = {http://www.hesketh.com/progressive_enhancement_and_the_future_of_web_design.html},
}

@Online{SamRichard2020,
  author = {{Sam Richard,Pete LePage}},
  date   = {24.02.2020},
  title  = {What are Progressive Web Apps?},
  url    = {https://web.dev/progressive-web-apps/},
}

@Comment{jabref-meta: databaseType:biblatex;}
